<record><leader>00000cas a22000007a 4500</leader><controlfield tag="001">40703335</controlfield><controlfield tag="008">990129d196619uucaudn ne      0    0eng d</controlfield><datafield ind1=" " ind2=" " tag="010"><subfield code="a">sn 98061707 </subfield></datafield><datafield ind1=" " ind2=" " tag="040"><subfield code="a">CNK</subfield><subfield code="b">eng</subfield><subfield code="c">CNK</subfield><subfield code="d">OCLCQ</subfield><subfield code="d">OCLCF</subfield><subfield code="d">OCLCO</subfield></datafield><datafield ind1="1" ind2=" " tag="029"><subfield code="a">AU@</subfield><subfield code="b">000014546255</subfield></datafield><datafield ind1=" " ind2=" " tag="042"><subfield code="a">msc</subfield></datafield><datafield ind1="0" ind2=" " tag="130"><subfield code="a">Evening outlook (Santa Monica, Calif. : Malibu-Topanga ed.)</subfield></datafield><datafield ind1="0" ind2="0" tag="245"><subfield code="a">Evening outlook.</subfield></datafield><datafield ind1="3" ind2=" " tag="246"><subfield code="a">Malibu-Topanga evening outlook</subfield></datafield><datafield ind1=" " ind2=" " tag="250"><subfield code="a">Malibu-Topanga ed.</subfield></datafield><datafield ind1=" " ind2=" " tag="260"><subfield code="a">Santa Monica [Calif.] :</subfield><subfield code="b">United Western Newspapers</subfield></datafield><datafield ind1=" " ind2=" " tag="300"><subfield code="a">v.</subfield></datafield><datafield ind1=" " ind2=" " tag="310"><subfield code="a">Daily (except Sun.)</subfield></datafield><datafield ind1="0" ind2=" " tag="362"><subfield code="a">91st year, 78th issue (Apr. 26, 1966)-</subfield></datafield><datafield ind1=" " ind2=" " tag="500"><subfield code="a">"Edition" appears in small print beneath "Malibu-Topanga."</subfield></datafield><datafield ind1=" " ind2=" " tag="515"><subfield code="a">Apr. 27, 1966- called 91st year, 100th issue-</subfield></datafield><datafield ind1=" " ind2="0" tag="651"><subfield code="a">Malibu (Calif.)</subfield><subfield code="v">Newspapers.</subfield></datafield><datafield ind1=" " ind2="0" tag="651"><subfield code="a">Santa Monica (Calif.)</subfield><subfield code="v">Newspapers.</subfield></datafield><datafield ind1=" " ind2="0" tag="651"><subfield code="a">Topanga (Calif.)</subfield><subfield code="v">Newspapers.</subfield></datafield><datafield ind1=" " ind2="7" tag="655"><subfield code="a">Newspapers.</subfield><subfield code="2">fast</subfield><subfield code="0">(OCoLC)fst01423814</subfield></datafield><datafield ind1=" " ind2="7" tag="651"><subfield code="a">California</subfield><subfield code="z">Malibu.</subfield><subfield code="2">fast</subfield><subfield code="0">(OCoLC)fst01208494</subfield></datafield><datafield ind1=" " ind2="7" tag="651"><subfield code="a">California</subfield><subfield code="z">Santa Monica.</subfield><subfield code="2">fast</subfield><subfield code="0">(OCoLC)fst01204506</subfield></datafield><datafield ind1=" " ind2="7" tag="651"><subfield code="a">California</subfield><subfield code="z">Topanga.</subfield><subfield code="2">fast</subfield><subfield code="0">(OCoLC)fst01235030</subfield></datafield><datafield ind1=" " ind2=" " tag="752"><subfield code="a">United States</subfield><subfield code="b">California</subfield><subfield code="c">Los Angeles</subfield><subfield code="d">Santa Monica.</subfield></datafield><datafield ind1="0" ind2=" " tag="775"><subfield code="t">Evening outlook (Santa Monica, Calif. : Culver City ed.)</subfield><subfield code="w">(DLC)sn 98061706</subfield></datafield><datafield ind1="0" ind2=" " tag="775"><subfield code="t">Evening outlook</subfield><subfield code="w">(DLC)sn 86002230</subfield></datafield></record>